  @Article{Pebesma,    author = {Edzer Pebesma},    title = {{Simple Features for R: Standardized Support for Spatial Vector Data}},    year = {2018},    journal = {{The R Journal}},    doi = {10.32614/RJ-2018-009},    pages = {439--446},    volume = {10},    number = {1},  }
  
 @article{crespo2013local,
  title={Local hedonic house-price modelling for urban planners: advantages of using local regression techniques},
  author={Crespo, Ricardo and Gr{\^e}t-Regamey, Adrienne},
  journal={Environment and Planning B: Planning and Design},
  volume={40},
  number={4},
  pages={664--682},
  year={2013},
  publisher={SAGE Publications Sage UK: London, England}
}

@article{lopez2015,
  title={Exploring scan methods to test spatial structure with an application to housing prices in M adrid},
  author={L{\'o}pez, Fernando A and Chasco, Coro and Gallo, Julie Le},
  journal={Papers in Regional Science},
  volume={94},
  number={2},
  pages={317--346},
  year={2015},
  DOI = {10.1111/pirs.12063},
  publisher={Wiley Online Library}
}

@article{arribas2021,
   author = {Arribas-Bel, Dani and Green, Mark and Rowe, Francisco and Singleton, Alex},
   title = {Open data products-A framework for creating valuable analysis ready data},
   journal = {Journal of Geographical Systems},
   volume = {23},
   number = {4},
   pages = {497-514},
   ISSN = {1435-5930},
   DOI = {10.1007/s10109-021-00363-5},
   year = {2021},
   type = {Journal Article}
}

@misc{Catastro,
   author = {{Registro Central del Catastro}},
   title = {{https://www.sedecatastro.gob.es/ }},
   year = {2021},
 }

@misc{Idealista,
   author = {{idealista}},
   title = {{http://www.idealista.com }},
   howpublished = "\url{ http://www.idealista.com }",
   year = {2018},
 }

@misc{OpenStreetMap,
   author = {{OpenStreetMap contributors}},
   title = {{Planet dump retrieved from https://planet.osm.org }},
   howpublished = "\url{ https://www.openstreetmap.org }",
   year = {2021},
 }

@article{stevens1946theory,
  title={On the theory of scales of measurement},
  author={Stevens, Stanley Smith and others},
  year={1946},
  publisher={Bobbs-Merrill, College Division}
}
