
@misc{Idealista,
   author = {{idealista}},
   title = {{http://www.idealista.com }},
   howpublished = "\url{ http://www.idealista.com }",
   year = {2018},
 }

@misc{OpenStreetMap,
   author = {{OpenStreetMap contributors}},
   title = {{Planet dump retrieved from https://planet.osm.org }},
   howpublished = "\url{ https://www.openstreetmap.org }",
   year = {2021},
 }

@misc{Catastro,
   author = {{Registro Central del Catastro}},
   title = {{https://www.sedecatastro.gob.es/ }},
   year = {2021},
 }

@article{stevens1946theory,
  title={On the theory of scales of measurement},
  author={Stevens, Stanley Smith and others},
  year={1946},
  publisher={Bobbs-Merrill, College Division}
}
